<?xml version="1.0" encoding="UTF-8"?><record xmlns="http://www.loc.gov/MARC21/slim" xmlns:cinclude="http://apache.org/cocoon/include/1.0" xmlns:zs="http://www.loc.gov/zing/srw/">
  <leader>00559nz  a2200145n  4500</leader>
  <controlfield tag="001">n 2003128965</controlfield>
  <controlfield tag="003">DLC</controlfield>
  <controlfield tag="005">20030624044104.0</controlfield>
  <controlfield tag="008">030624n| acannaabn          |a aaa      </controlfield>
  <datafield tag="010" ind1=" " ind2=" ">
    <subfield code="a">n 2003128965</subfield>
  </datafield>
  <datafield tag="035" ind1=" " ind2=" ">
    <subfield code="a">(DNLM)1234088</subfield>
  </datafield>
  <datafield tag="040" ind1=" " ind2=" ">
    <subfield code="a">DNLM</subfield>
    <subfield code="b">eng</subfield>
    <subfield code="c">DNLM</subfield>
  </datafield>
  <datafield tag="100" ind1="1" ind2=" ">
    <subfield code="a">Krstic-Demonacos, Marija</subfield>
  </datafield>
  <datafield tag="400" ind1="1" ind2=" ">
    <subfield code="a">Demonacos, Marija Krstic-</subfield>
  </datafield>
  <datafield tag="670" ind1=" " ind2=" ">
    <subfield code="a">Molecular mechanisms of action of steroid hormone receptors, 2002:</subfield>
    <subfield code="b">t.p. (Marija Krstic-Demonacos, Univ. of Glasgow, Dept. of Biochemistry and Molecular Biology, Institute for Biomedical and Life Sciences, Scotland, UK)</subfield>
  </datafield>
</record>